<?xml version="1.0" encoding="UTF-8"?><collection xmlns="http://www.loc.gov/MARC21/slim"><record><leader>00486nam--2200181-i-4500</leader><controlfield tag="001">000031072</controlfield><controlfield tag="002">20161230</controlfield><controlfield tag="005">20170115231231</controlfield><controlfield tag="008">060222s1000------------r-----000-0-eng-d</controlfield><datafield ind1=" " ind2=" " tag="040"><subfield code="a">IFIN-HH</subfield></datafield><datafield ind1=" " ind2=" " tag="080"><subfield code="a">539.131</subfield></datafield><datafield ind1="1" ind2=" " tag="100"><subfield code="a">Lock, W. O</subfield></datafield><datafield ind1="1" ind2="0" tag="245"><subfield code="a">High energy nuclear physics</subfield><subfield code="c">W.O. Lock</subfield></datafield><datafield ind1=" " ind2=" " tag="260"><subfield code="a">New York</subfield><subfield code="b">John Wiley &amp; Sons, Inc</subfield><subfield code="c">1960</subfield></datafield><datafield ind1=" " ind2=" " tag="300"><subfield code="a">XI+190 p</subfield></datafield><datafield ind1=" " ind2=" " tag="490"><subfield code="a">Methuen'S Monographs On Physical Subjects</subfield></datafield><datafield ind1=" " ind2=" " tag="852"><subfield code="a">16364</subfield><subfield code="c">539.131</subfield></datafield><datafield ind1=" " ind2=" " tag="CAT"><subfield code="a">SYS</subfield><subfield code="c">20170115</subfield><subfield code="h">231231</subfield></datafield></record></collection>